<?xml version="1.0" encoding="UTF-8"?><collection xmlns="http://www.loc.gov/MARC21/slim"><record><leader>00458nam--2200169-i-4500</leader><controlfield tag="001">000021215</controlfield><controlfield tag="002">20161230</controlfield><controlfield tag="005">20161230201034</controlfield><controlfield tag="008">060222s1000------------r-----000-0-eng-d</controlfield><datafield ind1=" " ind2=" " tag="040"><subfield code="a">IFIN-HH</subfield></datafield><datafield ind1=" " ind2=" " tag="080"><subfield code="a">801.323.2=945.11=590</subfield></datafield><datafield ind1="1" ind2=" " tag="100"><subfield code="a">Ghetie, Ion</subfield></datafield><datafield ind1="1" ind2="0" tag="245"><subfield code="a">Dictionar maghiar-roman</subfield><subfield code="b">Pentru scoala si privati</subfield><subfield code="c">Ion ghetie</subfield></datafield><datafield ind1=" " ind2=" " tag="260"><subfield code="a">Budapest</subfield><subfield code="b">Franklin-tarsulat</subfield><subfield code="c">1906</subfield></datafield><datafield ind1=" " ind2=" " tag="300"><subfield code="a">VIII+803P</subfield></datafield><datafield ind1=" " ind2=" " tag="852"><subfield code="a">D.120</subfield><subfield code="c">SLCH</subfield></datafield><datafield ind1=" " ind2=" " tag="CAT"><subfield code="a">Sys</subfield><subfield code="c">20130228</subfield><subfield code="h">114629</subfield></datafield></record></collection>